<record><leader>00000cas a2200000 a 4500</leader><controlfield tag="001">17210684</controlfield><controlfield tag="008">871209d19521954nyuwr ne      0    0eng c</controlfield><datafield ind1=" " ind2=" " tag="010"><subfield code="a">sn 90066339 </subfield></datafield><datafield ind1=" " ind2=" " tag="040"><subfield code="a">ZSE</subfield><subfield code="b">eng</subfield><subfield code="c">ZSE</subfield><subfield code="d">NYS</subfield><subfield code="d">CVF</subfield><subfield code="d">OCLCQ</subfield><subfield code="d">OCLCF</subfield><subfield code="d">OCLCO</subfield></datafield><datafield ind1="1" ind2=" " tag="029"><subfield code="a">AU@</subfield><subfield code="b">000020630777</subfield></datafield><datafield ind1=" " ind2=" " tag="042"><subfield code="a">pcc</subfield></datafield><datafield ind1=" " ind2=" " tag="043"><subfield code="a">n-us-ny</subfield></datafield><datafield ind1="0" ind2=" " tag="130"><subfield code="a">Wasp (Bearsville, N.Y.)</subfield></datafield><datafield ind1="1" ind2="4" tag="245"><subfield code="a">The wasp.</subfield></datafield><datafield ind1=" " ind2=" " tag="260"><subfield code="a">Bearsville, N.Y. :</subfield><subfield code="b">Holley Cantine and Dachine Rainer,</subfield><subfield code="c">1952-1954.</subfield></datafield><datafield ind1=" " ind2=" " tag="300"><subfield code="a">v.</subfield></datafield><datafield ind1=" " ind2=" " tag="310"><subfield code="a">Weekly</subfield></datafield><datafield ind1="0" ind2=" " tag="362"><subfield code="a">Vol. 1, no. 1 (June 28, 1952)-v. 2, no. 5 (Aug. 21, 1954).</subfield></datafield><datafield ind1=" " ind2="0" tag="651"><subfield code="a">Woodstock (N.Y. : Town)</subfield><subfield code="v">Newspapers.</subfield></datafield><datafield ind1=" " ind2="7" tag="655"><subfield code="a">Newspapers.</subfield><subfield code="2">fast</subfield><subfield code="0">(OCoLC)fst01423814</subfield></datafield><datafield ind1=" " ind2="7" tag="651"><subfield code="a">New York (State)</subfield><subfield code="z">Woodstock (Town)</subfield><subfield code="2">fast</subfield><subfield code="0">(OCoLC)fst01334321</subfield></datafield><datafield ind1=" " ind2=" " tag="752"><subfield code="a">United States</subfield><subfield code="b">New York</subfield><subfield code="c">Ulster</subfield><subfield code="d">Bearsville.</subfield></datafield></record>